This is the common softdev BibTeX repository. Rather than maintaining separate
BibTeX entries for papers, this enables us to have a single common file and use
prebib to translate it into something useful.

Entries should be of the format "<first author><2 digit year><first word of
title>". In those cases where <first word of title> makes little sense, use your
common sense to find something sensible and short.

Please make sure entries in here are of the highest quality. If you need to
indulge in any paper-specific mangling (e.g. because you are running out of
space), please do that on a copy of this file.

For 'month' fields, please use the abbreviated 3 letter notation.

@article{cheatham69extensible,
	author = {Cheatham, Thomas E.},
	title = {Motivation for Extensible Languages},
	journal = {ACM SIGPLAN},
	volume = {4},
	number = {8},
	month = Aug,
	year = {1969},
	pages = {45--49}
}

@inproceedings{barrett13unipycation,
    author = {Barrett, Edd and Bolz, Carl Friedrich and Tratt, Laurence},
    title = {{Unipycation}: A Case Study in Cross-language Tracing},
    booktitle = {VMIL},
    year = {2013},
    month = Oct,
    pages = {31--40},
    doi = {10.1145/2542142.2542146},
}

@inproceedings{sullivan03dynamic,
	title = {Dynamic Native Optimization of Interpreters},
	isbn = {1-58113-655-2},
	booktitle = {IVME},
	author = {Sullivan, Gregory T. and Bruening, Derek L. and Baron, Iris and Garnett, Timothy and Amarasinghe, Saman},
	year = {2003},
	month = Jun,
	pages = {50--57}
}

@inproceedings{bolz09tracing,
	title = {Tracing the Meta-Level: {PyPy's} Tracing {JIT} Compiler},
	isbn = {978-1-60558-541-3},
	booktitle = "ICOOOLPS",
	author = {Bolz, Carl Friedrich and Cuni, Antonio and Fijałkowski, Maciej and Rigo, Armin},
	year = {2009},
	month = Jul,
	pages = {18--25},
}

@inproceedings{yermolovich09optimization,
	title = {Optimization of Dynamic Languages using Hierarchical Layering of Virtual Machines},
	isbn = {978-1-60558-769-1},
	booktitle = "DLS",
	author = {Yermolovich, Alexander and Wimmer, Christian and Franz, Michael},
	year = {2009},
	month = Oct,
	pages = {79--88}
}

@inproceedings{bebenita10spur,
	author = {Bebenita, Michael and Brandner, Florian and Fahndrich, Manuel and Logozzo, Francesco and Schulte, Wolfram and Tillmann, Nikolai and Venter, Herman},
	title = "{SPUR}: A Trace-Based {JIT} Compiler for {CIL} ",
	booktitle = {OOPSLA},
	year = 2010,
	month = Mar,
	pages = {708--725},
	isbn = {978-1-4503-0203-6}
}

@inproceedings{ingalls97back,
	title = {Back to the Future: the Story of {Squeak}, a Practical {Smalltalk} written in itself},
	isbn = {0-89791-908-4},
	booktitle = {OOPSLA},
	author = {Ingalls, Dan and Kaehler, Ted and Maloney, John and Wallace, Scott and Kay, Alan},
	year = {1997},
	month = Oct,
	pages = {318--326},
}

@article{kelsey94tractable,
	title = {A Tractable {Scheme} Implementation},
	volume = {7},
	issn = {0892-4635},
	number = {4},
	journal = {Lisp Symb. Comput.},
	author = {Kelsey, Richard A. and Rees, Jonathan A.},
	year = {1994},
	month = Dec,
	pages = {315--335},
}

@inproceedings{bala00dynamo,
	title = {Dynamo: A Transparent Dynamic Optimization System},
    booktitle = "PLDI",
	author = {Bala, Vasanth and Duesterwald, Evelyn and Banerjia, Sanjeev},
	year = {2000},
    month = Jun,
	pages = {1--12}
}

@inproceedings{gal06hotpathvm,
	title = {{HotpathVM:} An Effective {JIT} Compiler for Resource-Constrained Devices},
	isbn = {1-59593-332-6},
	booktitle = {VEE},
	author = {Gal, Andreas and Probst, Christian W. and Franz, Michael},
	year = {2006},
	pages = {144--153},
	month = Jun,
}

@article{bolz14impact,
	author = {Carl Friedrich Bolz and Laurence Tratt},
	title = {The Impact of Meta-Tracing on {VM} Design and Implementation},
	journal = {SCICO},
	year = {2015},
	month = Feb,
	pages = {408--421},
	volume = {98(3)},
	issn = {0167-6423},
	doi = {10.1016/j.scico.2013.02.001},
}

@inproceedings{rigo06pypy,
	title = {{PyPy's} Approach to Virtual Machine Construction},
	isbn = {{1-59593-491-X}},
	booktitle = {DLS},
	author = {Armin Rigo and Samuele Pedroni},
	year = {2006},
	month = Oct,
	pages = {944--953},
}

@inproceedings{bolz10towards,
	title = {Towards a Jitting {VM} for {Prolog} Execution},
	isbn = {978-1-4503-0132-9},
	pages = {99--108},
	booktitle = {PPDP},
	month = Jul,
	author = {Bolz, Carl Friedrich and Leuschel, Michael and Schneider, David},
	year = {2010},
}

@inproceedings{diekmann13parsing,
	author = {Lukas Diekmann and Laurence Tratt},
	title = {Parsing Composed Grammars with Language Boxes},
	booktitle = {Workshop on Scalable Language Specifications},
	year = 2013,
	month = Jun,
}

@inproceedings{bolz11runtime,
	title = {Runtime Feedback in a Meta-Tracing {JIT} for Efficient Dynamic Languages},
	booktitle = {ICOOOLPS},
	author = {Bolz, Carl Friedrich and Cuni, Antonio and Fijałkowski, Maciej and Leuschel, Michael and Pedroni, Samuele and Rigo, Armin},
	year = {2011},
    month = Jul,
	pages = {9:1–9:8},
}

@inproceedings{gal09trace,
	title = {Trace-Based {Just-In-Time} Type Specialization for Dynamic Languages},
	booktitle = {PLDI},
	author = {Gal, Andreas and Eich, Brendan and Shaver, Mike and Anderson, David and Mandelin, David and Haghighat, Mohammad R and Kaplan, Blake and Hoare, Graydon and Zbarsky, Boris and Orendorff, Jason and Ruderman, Jesse and Smith, Edwin W and Reitmaier, Rick and Bebenita, Michael and Chang, Mason and Franz, Michael},
	year = {2009},
	month = Jun,
	pages = {465--478},
}

@article{bolz11allocation,
	author = {Carl Friedrich Bolz and Antonio Cuni and Maciej Fijałkowski and Michael Leuschel and Samuele Pedroni and Armin Rigo},
	journal = {PEPM},
	title = {Allocation Removal by Partial Evaluation in a Tracing {JIT}},
	year = {2011},
	month = Jan,
	pages = {43--52}
}

@inproceedings{ishizaki12adding,
    author = {Kazuaki Ishizaki and Takeshi Ogasawara and Jose Castanos and Priya Nagpurkar and David Edelsohn and Toshio Nakatani},
    title = {Adding Dynamically-Typed Language Support to a Statically-Typed Language Compiler: Performance Evaluation, Analysis, and Tradeoffs},
    booktitle = {VEE},
    year = {2012},
    month = Mar,
    isbn = {978-1-4503-1176-2},
    pages = {169--180},
    numpages = {12},
    doi = {10.1145/2151024.2151047}
}

@inproceedings{castanos12onthebenefits,
    author = {Castanos, Jose and Edelsohn, David and Ishizaki, Kazuaki and Nagpurkar, Priya and Nakatani, Toshio and Ogasawara, Takeshi and Wu, Peng},
    title = {On the benefits and pitfalls of extending a statically typed language {JIT} compiler for dynamic scripting languages},
    booktitle = "OOPSLA",
    month = Oct,
    year = {2012},
    pages = {195--212},
    numpages = {18},
    url = {http://doi.acm.org/10.1145/2398857.2384631},
}

@inproceedings{gybels03soul,
	author = {Kris Gybels},
	title = {{SOUL} and {Smalltalk} -- Just Married: evolution of the Interaction between a Logic and an Object-Oriented Language towards Symbiosis},
	booktitle = {DP-COOL},
	year = {2003},
	month = Aug,
}

@inproceedings{dhondt04seamless,
	author = {Maja D'Hondt and Kris Gybels and Viviane Jonckers},
	title = {Seamless Integration of Rule-Based Knowledge and Object-Oriented Functionality with Linguistic Symbiosis},
	booktitle = "SAC",
	year = {2004},
    month = Mar,
	isbn = {1-58113-812-1},
	pages = {1328--1335},
	numpages = {8},
}

@incollection{denti01tuprolog,
	title = {{tuProlog:} A Light-Weight {Prolog} for Internet Applications and Infrastructures},
	booktitle = {PADL},
	author = {Denti, Enrico and Omicini, Andrea and Ricci, Alessandro},
	year = {2001},
	month = Mar,
	pages = {184--198},
	volume={1990}
}

@article{cheatham69motivation,
	author = {Cheatham, Thomas E.},
	title = {Motivation for Extensible Languages},
	journal = "SIGPLAN",
	volume = {4},
	number = {8},
	month = Aug,
	year = {1969},
	pages = {45--49}
}

@article{irons70experience,
	author = {Irons, Edgar T.},
	title = {Experience with an Extensible Language},
	journal = {Communications of the ACM},
	year = {1970},
	month = Jan,
	volume = {13},
	pages = {31--40},
	number = {1},
	issn = {0001-0782},
}

@inproceedings{gregory85ametalanguage,
	author = {Johnson, Gregory F. and Fischer, C. N.},
	title = {A Meta-language and System for Nonlocal Incremental Attribute Evaluation
		in Language-based Editors},
	booktitle = "POPL",
	year = {1985},
	month = Jan,
	pages = {141--151},
	doi = {http://doi.acm.org/10.1145/318593.318627},
	isbn = {0-89791-147-4}
}

@inproceedings{cardelli93extensible,
	author = {Luca Cardelli and Florian Matthes and Mart\'{\i}n Abadi},
	title = {Extensible Grammars for Language Specialization},
	booktitle = {Workshop on Database Programming Languages},
	year = {1993},
	pages = {11--31},
	month = Aug,
}

@article{tratt08domainspecific,
	author = {Laurence Tratt},
	title = {Domain Specific Language Implementation via Compile-Time Meta-Programming},
	journal = "TOPLAS",
	year = {2008},
	month = Oct,
	volume = {30},
	pages = {1--40},
	number = {6},
}

@inproceedings{bravenboer04concrete,
	author = {Martin Bravenboer and Eelco Visser},
	title = {Concrete Syntax for Objects. Domain-Specific Language Embedding and Assimilation without Restrictions},
	booktitle = "OOPSLA",
	year = {2004},
	pages = {365--383},
	month = Oct,
	isbn = {1-58113-831-8}
}

@article{hudak96building,
	author = {Paul Hudak},
	title = {Building Domain-Specific Embedded Languages},
	journal = {ACM Computing Surveys},
	volume = {28},
	number = {4},
	year = {1996},
	month = Dec,
}

@inproceedings{sarimbekov13characteriustics,
    author = {Sarimbekov, Aibek and Podzimek, Andrej and
      Bulej, Lubomir and Zheng, Yudi and Ricci, Nathan and Binder, Walter},
    title = {Characteristics of Dynamic {JVM} Languages},
    booktitle = "VMIL",
    series = {VMIL '13},
    year = {2013},
    month = Oct,
    isbn = {978-1-4503-2601-8},
    pages = {11--20},
    numpages = {10},
    url = {http://doi.acm.org/10.1145/2542142.2542144},
    doi = {10.1145/2542142.2542144},
    publisher = {ACM},
}

@inproceedings{kalibera13rigorous,
	author = {Kalibera, Tomas and Jones, Richard},
	title = {Rigorous Benchmarking in Reasonable Time},
	booktitle = {ISMM},
	series = {ISMM '13},
	year = {2013},
	month = Jun,
	isbn = {978-1-4503-2100-6},
	pages = {63--74},
	numpages = {12},
	url = {http://doi.acm.org/10.1145/2464157.2464160},
	doi = {10.1145/2464157.2464160},
	publisher = {ACM},
}

@inproceedings{howe10pearl,
	author    = {Jacob Howe and Andy King},
	title     = {A Pearl on {SAT} Solving in {Prolog}},
	booktitle = {FLOPS},
	year      = {10},
	pages     = {165--174},
	publisher = {Springer},
	series    = {LNCS},
	volume    = {6009},
	year      = {2010},
	month     = Apr,
	isbn      = {978-3-642-12250-7},
	doi	  = {10.1007/978-3-642-12251-4},
}

This is really a book. The authors ask for a very specific citation style on
the website. We conform. Kind of awkward and fires a prebib warning about
month hence the empty month field.
@inproceedings{hoos00satlib,
	author = {Holger Hoos and Thomas St\"utzle},
	title = {{{SATLIB}: An Online Resource for Research on {SAT}}},
	year = {2000},
	pages = {283--292},
	publisher = {IOS Press},
	booktitle = {SAT 2000},
    month = {},
	note = {I.~P.~Gent, H.~v.~Maaren, T.~Walsh, editors, SAT 2000. SATLIB is available online at \url{www.satlib.org}},
	isbn = {978-1-58603-061-2}
}

@inproceedings{vitek11repeatability,
  author    = {Jan Vitek and Tomas Kalibera},
  title     = {Repeatability, reproducibility, and rigor in systems research},
  booktitle = {EMSOFT},
  year      = {2011},
  month     = Oct,
  pages     = {33-38},
  ee        = {http://doi.acm.org/10.1145/2038642.2038650},
  isbn      = {978-1-4503-0714-7},
}

@techreport{kalibera12quantifying,
	author = {Kalibera, Tomas and Jones, Richard},
	title = {Quantifying performance changes with effect size confidence intervals},
	institution = {University of Kent},
	number = "4-12",
	month = Jun,
	year = {2012},
}

@inproceedings{janssen94interlanguage,
    author = "Bill Janssen and Mike Spreitzer",
    title = "{ILU}: Inter-Language Unification via Object Modules",
    booktitle = "Workshop on Multi-Language Object Models",
    year = "1994",
    month = Aug
}

@inproceedings{kaplan98idls,
    author = {Alan Kaplan and John Ridgway and Jack C. Wileden},
    title = {Why {IDLs} Are Not Ideal},
    booktitle = {9th International Workshop on Software Specification and Design},
    year = {1998},
    month = Apr
}

@article{wielemaker12future,
	title = {{SWI-Prolog}: history and focus for the future},
	author = {Jan Wielemaker},
	journal = {ALP},
	year = {2012},
	month = {June},
    volume = "152"
}

@phdthesis{mitchell70design,
	title = {The design and construction of flexible and efficient interactive programming systems},
	school = {Carnegie Mellon University},
	author = {Mitchell, James George},
	year = {1970},
	month = Jun,
}

@phdthesis{wagner98practicalalgorithms,
    title = "Practical Algorithms for Incremental Software Development Environments",
    author = "Tim A. Wagner",
    school = "University of California, Berkeley",
    year = "1998",
    month = Mar
}

@inproceedings{erdweg12untangled,
    booktitle = {LDTA},
    title = {Language Composition Untangled},
    author = {Sebastian Erdweg and Paolo G. Giarrusso and Tillmann Rendel},
    year = {2012},
}

@mastersthesis{seaton07mutablesyntax,
    school = {University of Bristol},
    title = {A Programming Language Where the Syntax and Semantics Are Mutable at Runtime},
    author = {Christopher Seaton},
    year = {2007},
    month = {May},
}

@inproceedings{johnstone10tear,
    booktitle = {Tenth Workshop on Language Descriptions, Tools and Applications},
    keyword = {context free grammar, parsing, tree traversal},
    year = {2010},
    address = {New York, NY, USA},
    articleno = {6},
    title = {Tear-Insert-Fold Grammars},
    acmid = {1868287},
    pages = {6:1--6:8},
    link = {http://doi.acm.org/10.1145/1868281.1868287},
    author = {Johnstone, Adrian and Scott, Elizabeth},
    numpages = {8},
}

@incollection{konat13declarative,
    booktitle = {SLE},
    title = {Declarative name binding and scope rules},
    author = {Konat, Gabri{\"e}l and Kats, Lennart and Wachsmuth, Guido and Visser, Eelco},
    year = {2013},
    month = Oct,
    pages = {311--331},
}

@inproceedings{kats10spoofax,
    author = {Kats, Lennart C.L. and Visser, Eelco},
    title = {The {Spoofax} Language Workbench: Rules for Declarative Specification of Languages and {IDEs}},
    booktitle = {OOPSLA},
    month = Oct,
    year = {2010},
    isbn = {978-1-4503-0203-6},
    location = {Reno/Tahoe, Nevada, USA},
    pages = {444--463},
    numpages = {20},
    url = {http://doi.acm.org/10.1145/1869459.1869497},
    doi = {10.1145/1869459.1869497},
    acmid = {1869497},
    publisher = {ACM},
    address = {New York, NY, USA},
    keywords = {IDE, domain-specific language, dsl, eclipse, language workbench, meta-tooling, sdf, sglr, spoofax, stratego},
}

@inproceedings{pech13mps,
    author = {Pech, Vaclav and Shatalin, Alex and Voelter, Markus},
    title = "{JetBrains} {MPS} As a Tool for Extending {Java} ",
    booktitle = {PPPJ},
    year = {2013},
    month = Sep,
    isbn = {978-1-4503-2111-2},
    location = {Stuttgart, Germany},
    pages = {165--168},
    numpages = {4},
    url = {http://doi.acm.org/10.1145/2500828.2500846},
    doi = {10.1145/2500828.2500846},
    acmid = {2500846},
    publisher = {ACM},
    address = {New York, NY, USA},
    keywords = {DSLs, development environments, formal methods, language extension},
}

@article{knuth65lllr,
    author    = {Donald Knuth},
    title     = {On the Translation of Languages from Left to Right},
    journal   = {Information and Control},
    volume    = {8},
    number    = {6},
    year      = {1965},
    month     = Dec,
    pages     = {607-639}
}

@inproceedings{kaminski13dslfeatures,
    author = {Kaminski, Ted and Van Wyk, Eric},
    title = {Creating and Using Domain-specific Language Features},
    booktitle = {GlobalDSL},
    year = {2013},
    month = Jul,
    isbn = {978-1-4503-2043-6},
    pages = {18--21},
    numpages = {4},
    url = {http://doi.acm.org/10.1145/2489812.2489817},
    doi = {10.1145/2489812.2489817},
    acmid = {2489817},
    publisher = {ACM},
    address = {New York, NY, USA},
}

@article{ghezzi79incremental,
    title={Incremental parsing},
    author={Ghezzi, Carlo and Mandrioli, Dino},
    journal={ACM Transactions on Programming Languages and Systems (TOPLAS)},
    volume={1},
    number={1},
    pages={58--70},
    year={1979},
    publisher={ACM}
}

@article{ghezzi80augmenting,
    title={Augmenting Parsers to support Incrementality},
    author={Ghezzi, Carlo and Mandrioli, Dino},
    journal={Journal of the ACM (JACM)},
    volume={27},
    number={3},
    pages={564--579},
    year={1980},
    publisher={ACM}
}

@inproceedings{jalili82building,
    title={Building friendly parsers},
    author={Jalili, Fahimeh and Gallier, Jean H},
    booktitle={POPL},
    pages={196--206},
    year={1982},
    month=Jan,
    organization={ACM}
}

@inproceedings{ferro94efficient,
    title={Efficient Incremental Parsing for context-free Languages},
    author={Ferro, Manuel Vilares and Dion, Bernard A},
    booktitle={International Conference on Computer Languages},
    pages={241--252},
    year={1994},
    organization={IEEE}
}

@article{li97new,
    title={A new Approach to Incremental {LR} Parsing},
    author={Li, Warren X},
    journal={J. Prog. Lang.},
    volume={5},
    number={1},
    pages={173--188},
    year={1997}
}

@inproceedings{renggli09languageboxes,
    author    = {Lukas Renggli and Marcus Denker and Oscar Nierstrasz},
    title     = {Language Boxes},
    booktitle = {SLE},
    year      = {2009},
    month     = Oct,
    pages     = {274-293}
}

@article{parikh66contextfree,
    author = {Parikh, Rohit J.},
    title = {On Context-Free Languages},
    journal = {J.~ACM},
    volume = {13},
    number = {4},
    month = Oct,
    year = {1966},
    issn = {0004-5411},
    pages = {570--581},
    numpages = {12},
    url = {http://doi.acm.org/10.1145/321356.321364},
    doi = {10.1145/321356.321364}
}

@inproceedings{schwerdfeger09pldi,
    author    = "August Schwerdfeger and Eric Van Wyk",
    title     = "Verifiable Composition of Deterministic Grammars",
    booktitle = "PLDI",
    year = 2009,
    month = Jun,
}

@phdthesis{visser97sdf,
    author = {Visser, Eelco},
    title = {Syntax Definition for Language Prototyping},
    year = {1997},
    month = Sep,
    school = {University of Amsterdam}
}

@ARTICLE{cantor62ambiguity,
    author = {David G. Cantor},
    title = {On the Ambiguity Problem of Backus Systems},
    year = {1962},
    month = Oct,
    pages = {477--479},
    journal = {J.~ACM},
    volume = 9,
    number = 4,
    publisher = {ACM}
}

@inproceedings{vasudevan13detecting,
    author    = {Naveneetha Vasudevan and Laurence Tratt},
    title     = {Detecting Ambiguity in Programming Language Grammars},
    booktitle = {SLE},
    year      = {2013},
    month     = Oct,
    pages     = {157-176}
}


@article{salomon89scannerless,
    author = {D. J. Salomon and G. V. Cormack},
    title = {Scannerless {NSLR}(1) parsing of programming languages},
    journal = {SIGPLAN Not.},
    volume = {24},
    number = {7},
    month = Jun,
    year = {1989},
    pages = {170--178}
}

@inproceedings{ford04pegs,
    author = {Bryan Ford},
    title = {Parsing expression grammars: a recognition-based syntactic foundation},
    booktitle = {POPL},
    month = Jan,
    year = {2004},
    isbn = {1-58113-729-X},
    pages = {111--122},
}

@article{teitelbaum81cornell,
    author = {Teitelbaum, Tim and Reps, Thomas},
    title = {The {Cornell} program synthesizer: a syntax-directed programming environment},
    journal = {Commun.~ACM},
    year = {1981},
    month = Sep,
    volume = {24},
    pages = {563--573},
    number = {9},
    doi = {http://doi.acm.org/10.1145/358746.358755},
    issn = {0001-0782}
}

@mastersthesis{bosharnitsan01harmonia,
    title = {{Harmonia}: A Flexible Framework for Constructing Interactive Language-Based Programming Tools},
    school = {University of California, Berkeley},
    author = {Marat Boshernitsan},
    year = {2001},
    month = Jun
}

@article{bravenboer08stratego,
    title = "Stratego/{XT} 0.17. {A} language and toolset for program transformation",
    journal = "SCICO",
    volume = "72",
    number = "1–2",
    pages = "52 - 70",
    year = "2008",
    issn = "0167-6423",
    doi = "http://dx.doi.org/10.1016/j.scico.2007.11.003",
    url = "http://www.sciencedirect.com/science/article/pii/S0167642308000452",
    author = "Martin Bravenboer and Karl Trygve Kalleberg and Rob Vermaas and Eelco Visser",
}

@article{cordy06txl,
    title = "The {TXL} source transformation language",
    journal = "Science of Computer Programming",
    volume = "61",
    number = "3",
    pages = "190 - 210",
    year = "2006",
    issn = "0167-6423",
    doi = "http://dx.doi.org/10.1016/j.scico.2006.04.002",
    url = "http://www.sciencedirect.com/science/article/pii/S0167642306000669",
    author = "James R. Cordy",
}

@book{voelter13dsl,
	author = {Markus Völter and Sebastian Benz and Christian Dietrich and Birgit Engelmann and Mats Helander and Lennart C. L. Kats and Eelco Visser and Guido Wachsmuth},
	title = {{DSL} Engineering - Designing, Implementing and Using Domain-Specific Languages},
	publisher = {dslbook.org},
	year = {2013},
	isbn = {978-1-4812-1858-0},
	url = {http://www.dslbook.org},
	topic = {model-driven software development,domain-specific languages,Programming languages},
	group = {SE}
}

@inproceedings{adams12layout,
    author = {Adams, Michael D.},
    title = {Principled Parsing for Indentation-Sensitive Languages: Revisiting {L}andin's Offside Rule},
    booktitle = {POPL},
    pages = {511--522},
    month = Jan,
    year = {2013},
    isbn = {978-1-4503-1832-7},
    doi = {10.1145/2429069.2429129},
}

@inproceedings{harrison97presentation,
    title={Presentation by tree transformation},
    author={Harrison, Michael A and Maverick, Vance},
    booktitle={Compcon},
    pages={68--73},
    year={1997},
    month=Sep,
    organization={IEEE}
}

@inproceedings{khwaja93syntax,
    author = {Khwaja, Amir Ali and Urban, Joseph E.},
    title = {Syntax-directed Editing Environments: Issues and Features},
    booktitle = {SAC},
    year = {1993},
    month = Feb,
    isbn = {0-89791-567-4},
    location = {Indianapolis, Indiana, USA},
    pages = {230--237},
    numpages = {8},
    url = {http://doi.acm.org/10.1145/162754.162882},
    doi = {10.1145/162754.162882},
    acmid = {162882},
    publisher = {ACM},
    address = {New York, NY, USA},
    keywords = {support environments, syntax-directed editors, usability},
}


@book{bratko01prolog,
	title = {Prolog programming for artificial intelligence},
	isbn = {0201403757 9780201403756},
	author = {Bratko, Ivan},
	publisher = {Addison Wesley},
	year = {2001}
}

@article{neumann28theorie,
	title = {Zur {Theorie} der {Gesellschaftsspiele}},
	volume = {100},
	issn = {0025-5831, 1432-1807},
	number = {1},
	journal = {{Mathematische Annalen}},
	author = {von Neumann, John},
	year = {1928},
	pages = {295--320},
}

@book{neumann44theory,
	title = "Theory of games and economic behavior",
	lccn = {30098},
	url = {http://archive.org/details/theoryofgamesand030098mbp},
	author = {von Neumann, John},
	publisher = {Princeton University Press},
	year = {1944},
}

@techreport{edwards61alpha,
	title = {The Alpha-Beta Heuristic},
	number = {{AIM-30}},
	institution = {{MIT}},
	author = {Daniel J. Edwards and Timothy P. Hart},
	year = {1961},
}

@inproceedings{diekmann14eco,
    author = {Lukas Diekmann and Laurence Tratt},
    title = {{Eco}: A language composition editor},
    booktitle = {SLE},
	pages = {82--101},
    year = {2014},
    month = Sep,
}

@techreport{robinson80loglisp,
    title={{{LOGLISP}: An Alternative to {PROLOG}}},
    author={Robinson, John Alan and Silbert, E.E.},
    institution={Syracuse University},
    year={1980}
}

@article{lapaime86logicon,
    author = {Lapaime, Guy and Chapleau, Suzanne},
    title = {Logicon: An Integration of Prolog into Icon},
    journal = {Software---Practice \& Experience},
    volume = {16},
    number = {10},
    month = oct,
    year = {1986},
    issn = {0038-0644},
    pages = {925--944},
    numpages = {20},
    url = {http://dx.doi.org/10.1002/spe.4380161005},
    doi = {10.1002/spe.4380161005},
    acmid = {21614},
    publisher = {John Wiley \& Sons, Inc.},
    address = {New York, NY, USA},
}

@inproceedings{grimmer2014dynamically,
	author = {Mathias Grimmer and Chris Seaton and Thomas W\"urthinger and Hanspeter M\"ossenb\"ock},
    title = "Dynamically Composing Languages in a Modular Way: Supporting {C} Extensions for Dynamic Languages",
    booktitle = "Modularity",
	year = {2015},
	month = {March},
}

@inproceedings{wuerthinger13onevm,
    author = {W\"{u}rthinger, Thomas and Wimmer, Christian and W\"{o}\ss,
        Andreas and Stadler, Lukas and Duboscq, Gilles and Humer, Christian and
        Richards, Gregor and Simon, Doug and Wolczko, Mario},
    title = {One {VM} to Rule Them All},
    booktitle = {Onward!},
    year = {2013},
    pages = {187--204},
    numpages = {18},
    url = {http://doi.acm.org/10.1145/2509578.2509581},
    doi = {10.1145/2509578.2509581},
}

@inproceedings{ardo12loopaware,
    author = {Ard\"{o}, H{\aa}kan and Bolz, Carl Friedrich and FijaBkowski, Maciej},
    title = {Loop-aware Optimizations in {PyPy}'s Tracing {JIT}},
    booktitle = "Dynamic Languages Symposium",
    year = {2012},
    isbn = {978-1-4503-1564-7},
    pages = {63--72},
    numpages = {10},
    url = {http://doi.acm.org/10.1145/2384577.2384586},
    doi = {10.1145/2384577.2384586},
}

@inproceedings{gu06relative,
	author = {Gu, Dayong and Verbrugge, Clark and Gagnon, Etienne M.},
	booktitle = {VEE},
	month = {Jun},
	year = {2006},
	pages = {111--121},
	series = {{VEE} '06},
	title = {Relative Factors in Performance Analysis of {Java Virtual Machines}},
}

@article{georges07statistically,
	title = {Statistically rigorous {Java} performance evaluation},
	author = {Georges, Andy and Buytaert, Dries and Eeckhout, Lieven},
	volume = {42},
	doi = {10.1145/1297105.1297033},
	number = {10},
	journal = {SIGPLAN Not.},
	year = {2007},
	pages = {57--76},
}

@inproceedings{grimmer15dynamically,
    title = "Dynamically Composing Languages in a Modular Way: Supporting {C} Extensions for Dynamic Languages",
    author = "Matthias Grimmer and Chris Seaton and Thomas W\"urthinger and Hanspeter M\"ossenb\"ock",
    month = Mar,
    year = "2015",
    booktitle = {MODULARITY},
}

@inproceedings{hirzel07jeannie,
	author = {Martin Hirzel and Robert Grimm},
	title = {Jeannie: Granting Java Native Interface Developers Their Wishes},
	publisher = {ACM},
	booktitle = {OOPSLA},
	year = {2007},
	month = Oct,
	isbn = {978-1-59593-786-5},
	pages = {19--38},
	numpages = {20},
	doi = {10.1145/1297027.1297030},
}

@article{ridgway08ripls,
    author    = {John Ridgway and Jack C. Wileden},
    title     = {Reasoning About Multi-Lingual Exception Handling Using {RIPLS}},
    journal   = {FICS},
    pages     = {177--189},
    year      = {2008},
    month     = Jun,
    doi       = {10.1016/j.entcs.2008.04.061},
}

@article{matthews09operational,
    author = {Matthews, Jacob and Findler, Robert Bruce},
    title = {Operational Semantics for Multi-language Programs},
    journal = {TOPLAS},
    volume = {31},
    number = {3},
    month = Apr,
    year = {2009},
    issn = {0164-0925},
    pages = {12:1--12:44},
    articleno = {12},
    numpages = {44},
    doi = {10.1145/1498926.1498930},
}

@article{furr08checking,
    author = {Furr, Michael and Foster, Jeffrey S.},
    title = {Checking Type Safety of Foreign Function Calls},
    journal = {TOPLAS},
    volume = {30},
    number = {4},
    month = Aug,
    year = {2008},
    issn = {0164-0925},
    pages = {18:1--18:63},
    articleno = {18},
    numpages = {63},
    url = {http://doi.acm.org/10.1145/1377492.1377493},
    doi = {10.1145/1377492.1377493},
}

@inproceedings{gray05finegrained,
    author = {Gray, Kathryn E. and Findler, Robert Bruce and Flatt, Matthew},
    title = {Fine-grained Interoperability Through Mirrors and Contracts},
    booktitle = {OOPSLA},
    year = {2005},
    month = Oct,
    isbn = {1-59593-031-0},
    pages = {231--245},
    numpages = {15},
    url = {http://doi.acm.org/10.1145/1094811.1094830},
    doi = {10.1145/1094811.1094830},
}

@inproceedings{gray08safe,
    author = {Gray, Kathryn E.},
    title = {Safe Cross-Language Inheritance},
    booktitle = {ECOOP},
    year = {2008},
    month = jul,
    isbn = {978-3-540-70591-8},
    pages = {52--75},
    numpages = {24},
    url = {http://dx.doi.org/10.1007/978-3-540-70592-5_4},
    doi = {10.1007/978-3-540-70592-5_4},
}

@inproceedings{bolz13strategies,
    author = {Bolz, Carl Friedrich and Diekmann, Lukas and Tratt, Laurence},
    title = {Storage Strategies for Collections in Dynamically Typed Languages},
    booktitle = {OOPSLA},
    year = {2013},
    month = {Oct},
    pages = {167--182},
    publisher = {ACM},
    doi = {10.1145/2509136.2509531},
}

@misc{marsaglia94rng,
    title = "Yet another {RNG}",
    author = "George Marsaglia",
    year = 1994,
    month = Aug,
    howpublished = "\texttt{sci.stat.math}",
    url = "http://goo.gl/HStOFJ"
}

@misc{oneill15pcg,
    title = "{PCG}: A Family of Simple Fast Space-Efficient Statistically Good Algorithms for Random Number Generation",
    author = "Melissa E. O'Neil",
    year = 2015,
	notes = {To appear}
}

@article{anderson94fannkuch,
   author = {Anderson, Kenneth R. and Rettig, Duane},
   title = {Performing {Lisp} analysis of the {Fannkuch} benchmark},
   journal = {Lisp Pointers},
   volume = {7},
   number = {4},
   month = Oct,
   year = {1994},
   issn = {1045-3563},
   pages = {2--12},
   numpages = {11},
   url = {http://doi.acm.org/10.1145/382109.382124},
   doi = {10.1145/382109.382124},
   acmid = {382124},
   publisher = {ACM},
   address = {New York, NY, USA}
}

@article{sannella93deltablue,
    author = {Sannella, Michael and Maloney, John and Freeman-Benson, Bjorn and Borning, Alan},
    title = {Multi-way versus one-way constraints in user interfaces: Experience with the {DeltaBlue} algorithm},
    journal = {SPE},
    volume = {23},
    number = {5},
    publisher = {John Wiley & Sons, Ltd.},
    issn = {1097-024X},
    url = {http://dx.doi.org/10.1002/spe.4380230507},
    doi = {10.1002/spe.4380230507},
    pages = {529--566},
    year = {1993},
}

@inproceedings{chambers89efficient,
	title = {An efficient implementation of {SELF} a dynamically-typed object-oriented language based on prototypes},
	url = {http://portal.acm.org/citation.cfm?id=74884},
	doi = {10.1145/74878.74884},
	booktitle = {{OOPSLA}},
	author = {Chambers, Craig and Ungar, David and Elgin Lee},
	year = {1989},
    month = Sep,
	keywords = {self, specialization},
    publisher = "ACM"
}

@article{sullivan99analysis,
    author={Sullivan, Kevin J. and Marchukov, Mark and Socha, John},
    journal={TOSE},
    title={Analysis of a conflict between aggregation and interface negotiation in {Microsoft}'s Component Object Model},
    year={1999},
    month={Jul},
    volume={25},
    number={4},
    pages={584-599},
    doi={10.1109/32.799960},
    ISSN={0098-5589}
}

@inproceedings{filaretti14phpsemantics,
    title={An Executable Formal Semantics of {PHP}},
    author={Filaretti, Daniele and Maffeis, Sergio},
    year={2014},
    isbn={978-3-662-44201-2},
    booktitle={ECOOP},
    doi={10.1007/978-3-662-44202-9_23},
    url={http://dx.doi.org/10.1007/978-3-662-44202-9_23},
    pages={567-592},
}

@inproceedings{politz13monty,
    author = {Politz, Joe Gibbs and Martinez, Alejandro and Milano, Matthew and
        Warren, Sumner and Patterson, Daniel and Li, Junsong and Chitipothu,
        Anand and Krishnamurthi, Shriram},
    title = {Python: The Full {Monty}},
    booktitle = {OOPSLA},
    year = {2013},
    isbn = {978-1-4503-2374-1},
    location = {Indianapolis, Indiana, USA},
    pages = {217--232},
    numpages = {16},
    url = {http://doi.acm.org/10.1145/2509136.2509536},
    doi = {10.1145/2509136.2509536},
    acmid = {2509536},
    publisher = {ACM},
}

@inproceedings{baumann15pycket,
    author = {Baumann, Spenser and Bolz, Carl Friedrich and Hirschfeld, Robert
              and Kirilichev, Vasily and Pape, Tobias and Siek, Jeremy and
              Tobin-Hochstadt, Sam},
    title = {Pycket: A Tracing {JIT} For a Functional Language},
    booktitle = {ICFP},
    year = {2015},
}

@InProceedings{latter04llvm,
    author    = {Chris Lattner and Vikram Adve},
    title     = "{LLVM}: A Compilation Framework for Lifelong Program Analysis \& Transformation",
    booktitle = "CGO",
    month     = Mar,
    year      = {2004}
  }

@inproceedings{marr15tracing,
    author = "Stefan Marr",
    title = "Tracing vs.~Partial Evaluation: Comparing Meta-Compilation Approaches for Self-Optimizing Interpreters",
    year = 2015,
    month = Oct,
    booktitle = "OOPSLA",
    pages = "821-839",
    url = {http://doi.acm.org/10.1145/2814270.2814275},
    doi = {10.1145/2814270.2814275}
}

@article{bcg12internet,
    title = "The Internet Economy in the {G-20}",
    author = "{BCG}",
    year = 2012,
    month = Mar
}

@inproccedings{adams14hiphop,
    author = {Adams, Keith and Evans, Jason and Maher, Bertrand and Ottoni, Guilherme and Paroski, Andrew and Simmers, Brett and Smith, Edwin and Yamauchi, Owen},
    title = {The {HipHop} Virtual Machine},
    booktitle = {OOPSLA},
    year = {2014},
    month = Oct,
    location = {Portland, Oregon, USA},
    pages = {777--790},
    numpages = {14},
    url = {http://doi.acm.org/10.1145/2660193.2660199},
    doi = {10.1145/2660193.2660199},
    acmid = {2660199},
    publisher = {ACM},
    address = {New York, NY, USA},
}

@inproceedings{o_cinneide12experimental,
    author    = {Mel {\'O} Cinn{\'e}ide and Laurence Tratt and Mark Harman and Steve Counsell and Iman Hemati Moghadam},
    title     = {Experimental assessment of software metrics using automated
                 refactoring},
    booktitle = {ESEM},
    year      = {2012},
    pages     = {49-58},
    ee        = {http://doi.acm.org/10.1145/2372251.2372260}
}

@inproceedings{androutsopoulos09control,
    author = "Kelly Androutsopoulos and David Clark and Mark Harman and Zheng Li and Laurence Tratt",
    title = "Control dependence for extended finite state machines",
    booktitle = "FASE",
    month = Mar,
    year = "2009",
    pages = "216-230"
}

@misc{qvt05finalspec,
    title = "{MOF} {QVT} Final Adopted Specification",
    author = "Wim Bast and Mariano Belaunde and Xavier Blanc and Keith Duddy and Catherine Griffin and Simon Helsen and Michael Lawley and Michael Murphree and Sreedhar Reddy and Shane Sendall and Jim Steel and Laurence Tratt and R. Venkatesh and Didier Vojtisek",
    year = "2005",
    note = "{OMG} document ptc/05-11-01"
}


@inproceedings{sullivan_dynamic_2001,
    title = {Dynamic {Partial} {Evaluation}},
    isbn = {3-540-42068-1},
    booktitle = {PADO},
    publisher = {Springer},
    author = {Sullivan, Gregory T.},
    year = {2001},
    month = May,
    pages = {238--256},
}

@inproceedings{bruening08process,
    author = {Bruening, Derek and Kiriansky, Vladimir},
    title = {Process-shared and Persistent Code Caches},
    booktitle = {VEE},
    year = {2008},
    month = Mar,
    isbn = {978-1-59593-796-4},
    location = {Seattle, WA, USA},
    pages = {61--70},
    numpages = {10},
    url = {http://doi.acm.org/10.1145/1346256.1346265},
    doi = {10.1145/1346256.1346265},
    acmid = {1346265},
    publisher = {ACM},
    address = {New York, NY, USA},
    keywords = {binary translation, dynamic instrumentation, software code cache, tool scalability},
}

@inproceedings{chevalier15basicblock,
    author = "Maxime Chevalier-Boisvert and Marc Feeley",
    title = "Simple and Effective Type Check Removal through Lazy Basic Block Versioning",
    booktitle = "ECOOP",
    year = 2005,
    month = Jul
}

@phdthesis{barrett14range,
    author = {Edd Barrett},
    title = {Range Analysis of Binaries using Decision Procedures},
    year = {2014},
    month = {Sept},
    school = {University of Kent},
}

@inproceedings{barrett10range,
    title = {Range and Set Abstraction using {SAT}},
    author = {Edd Barrett and Andy King},
    booktitle = {Numeric Symbolic Abstract Domains},
    volume = {267},
    number = {1},
    pages = {17--27},
    year = {2010},
    publisher = {Elsevier}
}

@inproceedings{barrett12range,
    title = {Range Analysis of Binaries with Minimal Effort},
    author = {Edd Barrett and Andy King},
    booktitle = {FMICS},
    pages = {93--107},
    year = {2012},
    publisher = {Springer}
}

@phdthesis{bolz14metatracing,
    address = {Düsseldorf},
    type = {Dissertation},
    title = {Meta-Tracing Just-in-Time Compilation for {RPython}},
    url = {http://docserv.uni-duesseldorf.de/servlets/DocumentServlet?id=30464},
    school = {Heinrich-Heine-Universität Düsseldorf},
    author = {Bolz, Carl Friedrich},
    month = aug,
    year = {2014},
}

@misc{rustbook,
    author = "Steve Klabnik",
    title = "The {Rust} Programming Language",
    howpublished = "\texttt{https://doc.rust-lang.org/book/}",
    year = 2015
}

@inproceedings{mytkowicz09surprising,
    author = {Mytkowicz, Todd and Diwan, Amer and Hauswirth, Matthias and Sweeney, Peter F.},
    title = {Producing Wrong Data Without Doing Anything Obviously Wrong!},
    booktitle = {ASPLKS},
    month = Mar,
    year = 2009,
    pages = 265--276,
    url = {http://doi.acm.org/10.1145/1508284.1508275},
    doi = {10.1145/1508284.1508275},
    acmid = {1508275},
    publisher = {ACM},
} 

@inproceedings{gil11microbenchmark,
    author = {Gil, Joseph Yossi and Lenz, Keren and Shimron, Yuval},
    title = {A Microbenchmark Case Study and Lessons Learned},
    booktitle = {VMIL},
    year = {2011},
    month = Oct,
    url = {http://doi.acm.org/10.1145/2095050.2095100},
    doi = {10.1145/2095050.2095100},
    acmid = {2095100},
} 

@article{fleming86notlying,
    author = {Fleming, Philip J. and Wallace, John J.},
    title = {How Not to Lie with Statistics: The Correct Way to Summarize Benchmark Results},
    journal = {Commun.~ACM},
    volume = {29},
    number = {3},
    month = Mar,
    year = {1986},
    issn = {0001-0782},
    pages = {218--221},
    numpages = {4},
    url = {http://doi.acm.org/10.1145/5666.5673},
    doi = {10.1145/5666.5673},
    acmid = {5673},
    publisher = {ACM},
}

@article{barrett15approaches,
    author    = {Barrett, Edd and Bolz, Carl Friedrich and Tratt, Laurence},
    title     = {Approaches to Interpreter Composition},
    year      = {2015},
    month     = {March},
    volume    = {abs/1409.0757},
    journal   = {COMLAN},
    issn =    = {1477-8424},
    doi       = {http://dx.doi.org/10.1016/j.cl.2015.03.001},
    publisher = {Elsevier},
    url       = {http://arxiv.org/abs/1409.0757},
}

@inproceedings{grimmer15interop,
    author = {Grimmer, Matthias and Seaton, Chris and Schatz, Roland and W\"{u}rthinger, Thomas and M\"{o}ssenb\"{o}ck, Hanspeter},
    title = {High-performance Cross-language Interoperability in a Multi-language Runtime},
    booktitle = {DLS},
    year = {2015},
    isbn = {978-1-4503-3690-1},
    location = {Pittsburgh, PA, USA},
    pages = {78--90},
    numpages = {13},
    url = {http://doi.acm.org/10.1145/2816707.2816714},
    doi = {10.1145/2816707.2816714},
    acmid = {2816714},
    publisher = {ACM},
    address = {New York, NY, USA},
}

@INPROCEEDINGS{curtsinger13stabilizer,
    author = {Charlie Curtsinger and Emery D. Berger},
    title = {Stabilizer: Statistically sound performance evaluation},
    booktitle = {ASPLOS},
    year = {2013},
    month = Mar,
    url = {http://dx.doi.org/10.1145/2451116.2451141},
    publisher = {ACM}
}

@phdthesis{seaton15phd,
    title = {Specialising Dynamic Techniques for Implementing the Ruby Programming Language},
    author = {Chris Seaton},
    school = {University of Manchester},
    year = {2015},
    month = Jun,
}


@misc{pstate,
  title = {Intel {P-state driver}, {Linux} Kernel Documentation},
  howpublished = {\url{https://www.kernel.org/doc/Documentation/cpu-freq/intel-pstate.txt}},
  note = {Accessed: 2016-01-15}
}

@misc{tickless,
    year = 2016,
    title = {{NO\_HZ}: Reducing Scheduling-Clock Ticks, {Linux} Kernel Documentation},
    note = {Accessed: 2016-01-21},
    howpublished = {\url{https://www.kernel.org/doc/Documentation/timers/NO}\_\url{HZ.txt}},
}

@inproceedings{soares10flexsc,
    author = {Soares, Livio and Stumm, Michael},
    title = {{FlexSC}: Flexible System Call Scheduling with Exception-less System Calls},
    booktitle = {OSDI},
    year = {2010},
    pages = {1--8},
    numpages = {8},
}

@misc{clbg,
    author = {Doug Bagley and Brent Fulgham and Isaac Gouy},
    title = {The Computer Language Benchmarks Game},
    howpublished = {\url{http://benchmarksgame.alioth.debian.org/}},
    note = {Accessed: 2016-09-02},
}

@techreport{ratanaworabhan09jsmeter,
    title        = "{JSMeter}: Characterizing Real-World Behavior of {JavaScript} Programs",
    author       = "Paruj Ratanaworabhan and Benjamin Livshits and David Simmons and Benjamin Zorn",
    year         = "2009",
    month        = Dec,
    institution  = "Microsoft Research",
    number       = "MSR-TR-2009-173",
}


@inproceedings{dacapo06,
    title={The {DaCapo} Benchmarks: {J}ava Benchmarking Development and Analysis},
    author = {Blackburn, Stephen M. and Garner, Robin and Hoffmann, Chris and Khang, Asjad M. and McKinley, Kathryn S. and Bentzur, Rotem and Diwan, Amer and Feinberg, Daniel and Frampton, Daniel and Guyer, Samuel Z. and Hirzel, Martin and Hosking, Antony and Jump, Maria and Lee, Han and Moss, J. Eliot B. and Phansalkar, Aashish and Stefanovi\'{c}, Darko and VanDrunen, Thomas and von Dincklage, Daniel and Wiedermann, Ben},
    booktitle = {OOPSLA},
    month = Oct,
    year = {2006},
    pages = {169--190},
    doi = {http://doi.acm.org/10.1145/1167473.1167488},
    publisher = {ACM Press},
}

@inproceedings{charles09turboboost,
    author = "James Charles and Preet Jassi and Ananth Narayan S and Abbas Sadat and Alexandra Fedorova",
    title = "Evaluation of the {Intel} {Core} i7 Turbo Boost Feature",
    booktitle = "IISWC",
    month = Oct,
    year = 2009,
    url = "http://www.cs.sfu.ca/~fedorova/papers/TurboBoostEvaluation.pdf"
}
